ISA*00*          *00*          *01*26375          *ZZ*VA66           *201028*1032*^*00501*245523196*0*P*:~GS*HP*26375*VA66*20201028*1032*1*X*005010X221A1~ST*835*1004~BPR*H*0*C*NON************20201027~TRN*1*9999999999-2020102700191256*1273510384~REF*EV*AGP~DTM*405*20201027~N1*PR*AMERIGROUP WASHINGTON, INC.~N3*PO BOX 7368 / GA081E-0014~N4*COLUMBUS*GA*31908~REF*2U*26375~PER*CX*AMERIGROUP CORPORATION*FX*7573219164~PER*BL*EDI SOLUTIONS*TE*8004709630*EM*E-SOLUTIONS.SUPPORT@ANTHEM.COM~N1*PE*SEATTLE VISITING NURSE ASSOCIA*XX*1225485766~N3*170 WEST DAYTON STREET~N4*EDMONDS*WA*98020~REF*TJ*474417216~LX*1~CLP*10495737*1*62.01*0**MC*191205074500862**1~NM1*QC*1*ZUBER*MAX****MI*202485242WA~NM1*74*1***S***C*728096368~DTM*050*20201022~SVC*HC:90756*28*0**0**1~DTM*472*20200929~CAS*CO*197*28~REF*6R*2020102117022056747~SVC*HC:G0008*34.01*0**0**1~DTM*472*20200929~CAS*CO*197*34.01~REF*6R*2020102117022056748~CLP*10495739*1*62.01*0**MC*191207341200863**1~NM1*QC*1*SEBASTIAN*JOSE****MI*721026238~NM1*74*1*JOSE SEBASTIAN**A~DTM*050*20201022~SVC*HC:90756*28*0**0**1~DTM*472*20200930~CAS*CO*197*28~REF*6R*2020102117022056751~SVC*HC:G0008*34.01*0**0**1~DTM*472*20200930~CAS*CO*197*34.01~REF*6R*2020102117022056752~SE*41*1004~GE*1*1~IEA*1*245523196~