ISA*00*          *00*          *01*00932          *ZZ*VA66           *201101*0831*^*00501*557332074*0*P*:~GS*HP*00932*VA66*20201101*0831*1*X*005010X221A1~ST*835*1220~BPR*I*153.27*C*CHK************20201102~TRN*1*0105854940*1910282080~DTM*405*20201030~N1*PR*REGENCE BLUESHIELD~N3*1800 NINTH AVENUE~N4*SEATTLE*WA*98101~PER*CX**TE*8888493682~PER*BL**UR*WWW.REGENCE.COM/WEB/REGENCE_PROVIDER/ELECTRONIC-TRANSACTIONS~N1*PE*VAXPOINT LLC.*XX*1225485766~N3*170 W DAYTON ST STE 103A~N4*EDMONDS*WA*980204162~REF*PQ*100001441818~REF*TJ*474417216~LX*1~CLP*10291884*2*55*0**12*200825349100*60~NM1*QC*1*ONEILL*ARMELLE****MI*WAIW740392659~NM1*IL*1*ONEILL*SEAN****MI*WAIW740392659~NM1*82*2*VAXPOINT LLC*****XX*1225485766~REF*CE*WPAR~REF*1B*100001441818~DTM*232*20191001~DTM*050*20201027~AMT*AU*54.25~SVC*HC:90756*26*0**1~DTM*472*20191001~CAS*OA*23*26~REF*6R*1~AMT*B6*25.25~SVC*HC:G0008*29*0**1~DTM*472*20191001~CAS*OA*23*29~REF*6R*2~AMT*B6*29~CLP*10000042*1*62.01*32.55**12*E51993407600*60~NM1*QC*1*HALLBERG*AMBER****MI*UDWW760400743~NM1*82*2*VAXPOINT LLC*****XX*1225485766~REF*CE*WPPO~REF*1B*100001441818~DTM*232*20200909~DTM*050*20201029~AMT*AU*32.55~SVC*HC:90686*28*18.55**1~DTM*472*20200909~CAS*CO*45*9.45~REF*6R*1~AMT*B6*18.55~SVC*HC:90471*34.01*14**1~DTM*472*20200909~CAS*CO*45*20.01~REF*6R*2~AMT*B6*14~CLP*10000044*1*62.01*40.24**12*E51997154100*60~NM1*QC*1*GRUNBAUM*RAMI****MI*UDWW740077486~NM1*IL*1*GRUNBAUM*RAMI****MI*W740077486~NM1*74*1*DIMENT*GALYA****C*UDWW740077486~NM1*82*2*VAXPOINT LLC*****XX*1225485766~REF*CE*WPPO~REF*1B*100001441818~DTM*232*20200909~DTM*050*20201029~AMT*AU*40.24~SVC*HC:90756*28*26.24**1~DTM*472*20200909~CAS*CO*45*1.76~REF*6R*1~AMT*B6*26.24~SVC*HC:90471*34.01*14**1~DTM*472*20200909~CAS*CO*45*20.01~REF*6R*2~AMT*B6*14~CLP*10000049*1*62.01*40.24**12*E51999782100*60~NM1*QC*1*SHEVRIN*CAROLINE*A***MI*UDWW700486504~NM1*IL*1*SHEVRIN*CAROLINE****MI*UDWW700486504~NM1*74*1***A~NM1*82*2*VAXPOINT LLC*****XX*1225485766~REF*CE*WPPO~REF*1B*100001441818~DTM*232*20200910~DTM*050*20201029~AMT*AU*40.24~SVC*HC:90756*28*26.24**1~DTM*472*20200910~CAS*CO*45*1.76~REF*6R*1~AMT*B6*26.24~SVC*HC:90471*34.01*14**1~DTM*472*20200910~CAS*CO*45*20.01~REF*6R*2~AMT*B6*14~CLP*10000046*1*62.01*40.24**12*E51999783400*60~NM1*QC*1*EVERETT*SUSAN*L***MI*UDWW770019584~NM1*IL*1*EVERETT*SUSAN****MI*UDWW770019584~NM1*74*1***L~NM1*82*2*VAXPOINT LLC*****XX*1225485766~REF*CE*WPPO~REF*1B*100001441818~DTM*232*20200910~DTM*050*20201029~AMT*AU*40.24~SVC*HC:90756*28*26.24**1~DTM*472*20200910~CAS*CO*45*1.76~REF*6R*1~AMT*B6*26.24~SVC*HC:90471*34.01*14**1~DTM*472*20200910~CAS*CO*45*20.01~REF*6R*2~AMT*B6*14~SE*113*1220~GE*1*1~IEA*1*557332074~