ISA*00*          *00*          *01*00932          *ZZ*VA66           *201026*0832*^*00501*051057044*0*P*:~GS*HP*00932*VA66*20201026*0832*1*X*005010X221A1~ST*835*1182~BPR*I*331.44*C*CHK************20201026~TRN*1*0105841737*1910282080~DTM*405*20201023~N1*PR*REGENCE BLUESHIELD~N3*1800 NINTH AVENUE~N4*SEATTLE*WA*98101~PER*CX**TE*8002530838~PER*BL**UR*WWW.REGENCE.COM/WEB/REGENCE_PROVIDER/ELECTRONIC-TRANSACTIONS~N1*PE*VAXPOINT LLC.*XX*1225485766~N3*170 W DAYTON ST STE 103A~N4*EDMONDS*WA*980204162~REF*PQ*100001441818~REF*TJ*474417216~LX*1~CLP*10495790*1*62.01*55.24**12*E51922343900*60~NM1*QC*1*ANDERSON*FLORENCE****MI*KIN140255845~NM1*IL*1*ANDERSON*FLORENCE****MI*KIN140255845~NM1*74*1**MATTHEW*G~NM1*82*2*VAXPOINT LLC*****XX*1225485766~REF*CE*WPPO~REF*1B*100001441818~DTM*232*20201001~DTM*050*20201022~AMT*AU*55.24~SVC*HC:90756*28*26.24**1~DTM*472*20201001~CAS*CO*45*1.76~REF*6R*2020102121022056959~AMT*B6*26.24~SVC*HC:G0008*34.01*29**1~DTM*472*20201001~CAS*CO*45*5.01~REF*6R*2020102121022056960~AMT*B6*29~CLP*10495603*1*62.01*55.24**12*E51922721800*60~NM1*QC*1*TURNER*SCOUT****MI*ZLF180018498~NM1*IL*1*TURNER*SCOUT****MI*ZLF180018498~NM1*74*1**RICHARD~NM1*82*2*VAXPOINT LLC*****XX*1225485766~REF*CE*WPPO~REF*1B*100001441818~DTM*232*20200921~DTM*050*20201022~AMT*AU*55.24~SVC*HC:90756*28*26.24**1~DTM*472*20200921~CAS*CO*45*1.76~REF*6R*2020102021022056323~AMT*B6*26.24~SVC*HC:G0008*34.01*29**1~DTM*472*20200921~CAS*CO*45*5.01~REF*6R*2020102021022056324~AMT*B6*29~CLP*10495602*1*62.01*55.24**12*E51925690900*60~NM1*QC*1*TURNER*MICHELLE****MI*ZLF180018498~NM1*IL*1*TURNER*MICHELLE****MI*ZLF180018498~NM1*74*1**RICHARD~NM1*82*2*VAXPOINT LLC*****XX*1225485766~REF*CE*WPPO~REF*1B*100001441818~DTM*232*20200921~DTM*050*20201022~AMT*AU*55.24~SVC*HC:90756*28*26.24**1~DTM*472*20200921~CAS*CO*45*1.76~REF*6R*2020102021022056321~AMT*B6*26.24~SVC*HC:G0008*34.01*29**1~DTM*472*20200921~CAS*CO*45*5.01~REF*6R*2020102021022056322~AMT*B6*29~CLP*10495785*1*62.01*55.24**12*E51925802600*60~NM1*QC*1*BRYAN*KRISTA*A***MI*KBG989654000~NM1*IL*1*BRYAN*KRISTA****MI*KBG989654000~NM1*74*1***A~NM1*82*2*VAXPOINT LLC*****XX*1225485766~REF*CE*WPPO~REF*1B*100001441818~DTM*232*20201001~DTM*050*20201022~AMT*AU*55.24~SVC*HC:90756*28*26.24**1~DTM*472*20201001~CAS*CO*45*1.76~REF*6R*2020102121022056949~AMT*B6*26.24~SVC*HC:G0008*34.01*29**1~DTM*472*20201001~CAS*CO*45*5.01~REF*6R*2020102121022056950~AMT*B6*29~CLP*10495636*1*62.01*55.24**12*E51925915500*60~NM1*QC*1*MYERS*DIANA*L***MI*ZLF170026276~NM1*IL*1*MYERS*DIANA****MI*ZLF170026276~NM1*74*1***L~NM1*82*2*VAXPOINT LLC*****XX*1225485766~REF*CE*WPPO~REF*1B*100001441818~DTM*232*20200922~DTM*050*20201022~AMT*AU*55.24~SVC*HC:90756*28*26.24**1~DTM*472*20200922~CAS*CO*45*1.76~REF*6R*2020102021022056466~AMT*B6*26.24~SVC*HC:G0008*34.01*29**1~DTM*472*20200922~CAS*CO*45*5.01~REF*6R*2020102021022056467~AMT*B6*29~CLP*10495791*1*62.01*55.24**12*E51928567300*60~NM1*QC*1*ANDERSON*MATTHEW*G***MI*KIN140255845~NM1*IL*1*ANDERSON*MATTHEW****MI*KIN140255845~NM1*74*1***G~NM1*82*2*VAXPOINT LLC*****XX*1225485766~REF*CE*WPPO~REF*1B*100001441818~DTM*232*20201001~DTM*050*20201022~AMT*AU*55.24~SVC*HC:90756*28*26.24**1~DTM*472*20201001~CAS*CO*45*1.76~REF*6R*2020102121022056961~AMT*B6*26.24~SVC*HC:G0008*34.01*29**1~DTM*472*20201001~CAS*CO*45*5.01~REF*6R*2020102121022056962~AMT*B6*29~SE*136*1182~GE*1*1~IEA*1*051057044~