ISA*00*          *00*          *01*00932          *ZZ*VA66           *201029*0832*^*00501*303512812*0*P*:~GS*HP*00932*VA66*20201029*0832*1*X*005010X221A1~ST*835*1052~BPR*I*55.24*C*CHK************20201029~TRN*1*0062871385*1930238155~DTM*405*20201027~N1*PR*REGENCE BLUECROSS BLUESHIELD OF OREGON~N3*PO BOX 1271~N4*PORTLAND*OR*97207~PER*CX**TE*8004526333~PER*BL**UR*WWW.REGENCE.COM/WEB/REGENCE_PROVIDER/ELECTRONIC-TRANSACTIONS~N1*PE*VAXPOINT LLC.*XX*1225485766~N3*170 W DAYTON ST STE 103A~N4*EDMONDS*WA*980204162~REF*PQ*100001441818~REF*TJ*474417216~LX*1~CLP*10495590*1*62.01*55.24**12*E51922720200*60~NM1*QC*1*AMES*MARILYN*M***MI*U4B170068254~NM1*IL*1*AMES*MARILYN****MI*U4B170068254~NM1*74*1***M~NM1*82*2*VAXPOINT LLC*****XX*1225485766~REF*CE*WPPO~REF*1B*100001441818~DTM*232*20200921~DTM*050*20201022~AMT*AU*55.24~SVC*HC:90756*28*26.24**1~DTM*472*20200921~CAS*CO*45*1.76~REF*6R*2020102017022056296~AMT*B6*26.24~SVC*HC:G0008*34.01*29**1~DTM*472*20200921~CAS*CO*45*5.01~REF*6R*2020102017022056297~AMT*B6*29~SE*36*1052~GE*1*1~IEA*1*303512812~