ISA*00*          *00*          *01*00932          *ZZ*VA66           *201101*0831*^*00501*529878846*0*P*:~GS*HP*00932*VA66*20201101*0831*1*X*005010X221A1~ST*835*1242~BPR*I*716.84*C*CHK************20201102~TRN*1*0105852113*1910282080~DTM*405*20201030~N1*PR*REGENCE BLUESHIELD~N3*1800 NINTH AVENUE~N4*SEATTLE*WA*98101~PER*CX**TE*8002530838~PER*BL**UR*WWW.REGENCE.COM/WEB/REGENCE_PROVIDER/ELECTRONIC-TRANSACTIONS~N1*PE*VAXPOINT LLC.*XX*1225485766~N3*170 W DAYTON ST STE 103A~N4*EDMONDS*WA*980204162~REF*PQ*100001441818~REF*TJ*474417216~LX*1~CLP*10495782*1*62.01*14**12*E51922345200*60~NM1*QC*1*DEBOER*MICHAEL****MI*CHV820093996~NM1*IL*1*DEBOER*MICHAEL****MI*CHV820093996~NM1*74*1***R~NM1*82*2*VAXPOINT LLC*****XX*1225485766~REF*CE*WPPO~REF*1B*100001441818~DTM*232*20201001~DTM*050*20201022~AMT*AU*14~SVC*HC:90471*28*14**1~DTM*472*20201001~CAS*CO*45*14~REF*6R*2020102121022056944~AMT*B6*14~SVC*HC:G0008*34.01*0**1~DTM*472*20201001~CAS*CO*97*34.01~REF*6R*2020102121022056945~LQ*HE*N19~CLP*10495797*1*62.01*55.24**12*E51922580400*60~NM1*QC*1*HULL*NATHAN****MI*LVEW17117342~NM1*82*2*VAXPOINT LLC*****XX*1225485766~REF*CE*WPPO~REF*1B*100001441818~DTM*232*20201001~DTM*050*20201022~AMT*AU*55.24~SVC*HC:90756*28*26.24**1~DTM*472*20201001~CAS*CO*45*1.76~REF*6R*2020102121022056973~AMT*B6*26.24~SVC*HC:G0008*34.01*29**1~DTM*472*20201001~CAS*CO*45*5.01~REF*6R*2020102121022056974~AMT*B6*29~CLP*10495784*1*62.01*14**12*E51922719100*60~NM1*QC*1*LONG*JOHN****MI*CHV820093996~NM1*IL*1*LONG*JOHN****MI*CHV820093996~NM1*74*1*DEBOER*MICHAEL*R~NM1*82*2*VAXPOINT LLC*****XX*1225485766~REF*CE*WPPO~REF*1B*100001441818~DTM*232*20201001~DTM*050*20201022~AMT*AU*14~SVC*HC:90471*28*14**1~DTM*472*20201001~CAS*CO*45*14~REF*6R*2020102121022056947~AMT*B6*14~SVC*HC:G0008*34.01*0**1~DTM*472*20201001~CAS*CO*97*34.01~REF*6R*2020102121022056948~LQ*HE*N19~CLP*10495801*1*62.01*55.24**12*E51925803800*60~NM1*QC*1*NGUYEN*JENNY****MI*BYR839722340~NM1*IL*1*NGUYEN*JENNY****MI*BYR839722340~NM1*74*1**JOHN*V~NM1*82*2*VAXPOINT LLC*****XX*1225485766~REF*CE*WPPO~REF*1B*100001441818~DTM*232*20201001~DTM*050*20201022~AMT*AU*55.24~SVC*HC:90756*28*26.24**1~DTM*472*20201001~CAS*CO*45*1.76~REF*6R*2020102121022056980~AMT*B6*26.24~SVC*HC:G0008*34.01*29**1~DTM*472*20201001~CAS*CO*45*5.01~REF*6R*2020102121022056981~AMT*B6*29~CLP*10495796*1*62.01*55.24**12*E51929085500*60~NM1*QC*1*HO*XINH****MI*BYR839722340~NM1*IL*1*HO*XINH****MI*BYR839722340~NM1*74*1*NGUYEN*JOHN*V~NM1*82*2*VAXPOINT LLC*****XX*1225485766~REF*CE*WPPO~REF*1B*100001441818~DTM*232*20201001~DTM*050*20201022~AMT*AU*55.24~SVC*HC:90756*28*26.24**1~DTM*472*20201001~CAS*CO*45*1.76~REF*6R*2020102121022056971~AMT*B6*26.24~SVC*HC:G0008*34.01*29**1~DTM*472*20201001~CAS*CO*45*5.01~REF*6R*2020102121022056972~AMT*B6*29~CLP*10000050*1*62.01*40.24**12*E51993292800*60~NM1*QC*1*HOLLAND*RICHARD*W***MI*ZLF100106771~NM1*IL*1*HOLLAND*RICHARD****MI*ZLF100106771~NM1*74*1***W~NM1*82*2*VAXPOINT LLC*****XX*1225485766~REF*CE*WPPO~REF*1B*100001441818~DTM*232*20200910~DTM*050*20201029~AMT*AU*40.24~SVC*HC:90756*28*26.24**1~DTM*472*20200910~CAS*CO*45*1.76~REF*6R*1~AMT*B6*26.24~SVC*HC:90471*34.01*14**1~DTM*472*20200910~CAS*CO*45*20.01~REF*6R*2~AMT*B6*14~CLP*10000048*1*62.01*40.24**12*E51993423700*60~NM1*QC*1*KUZMANICH*KRISTIN*C***MI*ZLF150141613~NM1*IL*1*KUZMANICH*KRISTIN****MI*ZLF150141613~NM1*74*1***C~NM1*82*2*VAXPOINT LLC*****XX*1225485766~REF*CE*WPPO~REF*1B*100001441818~DTM*232*20200910~DTM*050*20201029~AMT*AU*40.24~SVC*HC:90756*28*26.24**1~DTM*472*20200910~CAS*CO*45*1.76~REF*6R*1~AMT*B6*26.24~SVC*HC:90471*34.01*14**1~DTM*472*20200910~CAS*CO*45*20.01~REF*6R*2~AMT*B6*14~CLP*10000037*1*62.01*40.24**12*E51993581300*60~NM1*QC*1*ALMOND*JULIE****MI*ZLF988704150~NM1*IL*1*ALMOND*JULIE****MI*ZLF988704150~NM1*74*1**HILTON*R**JR.~NM1*82*2*VAXPOINT LLC*****XX*1225485766~REF*CE*WPPO~REF*1B*100001441818~DTM*232*20200908~DTM*050*20201029~AMT*AU*40.24~SVC*HC:90756*28*26.24**1~DTM*472*20200908~CAS*CO*45*1.76~REF*6R*1~AMT*B6*26.24~SVC*HC:90471*34.01*14**1~DTM*472*20200908~CAS*CO*45*20.01~REF*6R*2~AMT*B6*14~CLP*10000035*1*62.01*40.24**12*E51993582300*60~NM1*QC*1*KUBINIEC*ALEXANDER****MI*A4T150242559~NM1*IL*1*KUBINIEC*ALEX****MI*A4T150242559~NM1*74*1**ALEXANDER~NM1*82*2*VAXPOINT LLC*****XX*1225485766~REF*CE*WPPO~REF*1B*100001441818~DTM*232*20200908~DTM*050*20201029~AMT*AU*40.24~SVC*HC:90756*28*26.24**1~DTM*472*20200908~CAS*CO*45*1.76~REF*6R*1~AMT*B6*26.24~SVC*HC:90471*34.01*14**1~DTM*472*20200908~CAS*CO*45*20.01~REF*6R*2~AMT*B6*14~CLP*10000052*1*62.01*40.24**12*E51993583100*60~NM1*QC*1*KAGEL*DENALI*R***MI*HKS201066660~NM1*IL*1*KAGEL*DENALI****MI*HKS201066660~NM1*74*1***R~NM1*82*2*VAXPOINT LLC*****XX*1225485766~REF*CE*WPPO~REF*1B*100001441818~DTM*232*20200910~DTM*050*20201029~AMT*AU*40.24~SVC*HC:90756*28*26.24**1~DTM*472*20200910~CAS*CO*45*1.76~REF*6R*1~AMT*B6*26.24~SVC*HC:90471*34.01*14**1~DTM*472*20200910~CAS*CO*45*20.01~REF*6R*2~AMT*B6*14~CLP*10000051*1*62.01*40.24**12*E51993621800*60~NM1*QC*1*LARKS*AMBER*J***MI*KPF160148704~NM1*IL*1*LARKS*AMBER****MI*KPF160148704~NM1*74*1***J~NM1*82*2*VAXPOINT LLC*****XX*1225485766~REF*CE*WPPO~REF*1B*100001441818~DTM*232*20200910~DTM*050*20201029~AMT*AU*40.24~SVC*HC:90756*28*26.24**1~DTM*472*20200910~CAS*CO*45*1.76~REF*6R*1~AMT*B6*26.24~SVC*HC:90471*34.01*14**1~DTM*472*20200910~CAS*CO*45*20.01~REF*6R*2~AMT*B6*14~CLP*10000034*1*62.01*40.24**12*E51997084600*60~NM1*QC*1*DALLMAN*BARBARA*E***MI*ZLF993983024~NM1*IL*1*DALLMAN*BARBARA****MI*ZLF993983024~NM1*74*1***E~NM1*82*2*VAXPOINT LLC*****XX*1225485766~REF*CE*WPPO~REF*1B*100001441818~DTM*232*20200908~DTM*050*20201029~AMT*AU*40.24~SVC*HC:90756*28*26.24**1~DTM*472*20200908~CAS*CO*45*1.76~REF*6R*1~AMT*B6*26.24~SVC*HC:90471*34.01*14**1~DTM*472*20200908~CAS*CO*45*20.01~REF*6R*2~AMT*B6*14~CLP*10000038*1*62.01*40.24**12*E51997150000*60~NM1*QC*1*STANNERS*MAIRI*K***MI*KPF160121132~NM1*IL*1*STANNERS*MAIRI****MI*KPF160121132~NM1*74*1***K~NM1*82*2*VAXPOINT LLC*****XX*1225485766~REF*CE*WPPO~REF*1B*100001441818~DTM*232*20200908~DTM*050*20201029~AMT*AU*40.24~SVC*HC:90756*28*26.24**1~DTM*472*20200908~CAS*CO*45*1.76~REF*6R*1~AMT*B6*26.24~SVC*HC:90471*34.01*14**1~DTM*472*20200908~CAS*CO*45*20.01~REF*6R*2~AMT*B6*14~CLP*10000041*1*62.01*40.24**12*E51997251500*60~NM1*QC*1*MOTONAGA*DEREK*I***MI*ZLF150182901~NM1*IL*1*MOTONAGA*DEREK****MI*ZLF150182901~NM1*74*1***I~NM1*82*2*VAXPOINT LLC*****XX*1225485766~REF*CE*WPPO~REF*1B*100001441818~DTM*232*20200909~DTM*050*20201029~AMT*AU*40.24~SVC*HC:90756*28*26.24**1~DTM*472*20200909~CAS*CO*45*1.76~REF*6R*1~AMT*B6*26.24~SVC*HC:90471*34.01*14**1~DTM*472*20200909~CAS*CO*45*20.01~REF*6R*2~AMT*B6*14~CLP*10000047*1*62.01*40.24**12*E51999884700*60~NM1*QC*1*PREEDY*MELIA****MI*ZLF170265712~NM1*82*2*VAXPOINT LLC*****XX*1225485766~REF*CE*WPPO~REF*1B*100001441818~DTM*232*20200910~DTM*050*20201029~AMT*AU*40.24~SVC*HC:90756*28*26.24**1~DTM*472*20200910~CAS*CO*45*1.76~REF*6R*1~AMT*B6*26.24~SVC*HC:90471*34.01*14**1~DTM*472*20200910~CAS*CO*45*20.01~REF*6R*2~AMT*B6*14~CLP*10000036*1*62.01*40.24**12*E51999886000*60~NM1*QC*1*LIPTRAP*CAROL*T***MI*KPF160129501~NM1*IL*1*LIPTRAP*CAROL****MI*KPF160129501~NM1*74*1***T~NM1*82*2*VAXPOINT LLC*****XX*1225485766~REF*CE*WPPO~REF*1B*100001441818~DTM*232*20200908~DTM*050*20201029~AMT*AU*40.24~SVC*HC:90756*28*26.24**1~DTM*472*20200908~CAS*CO*45*1.76~REF*6R*1~AMT*B6*26.24~SVC*HC:90471*34.01*14**1~DTM*472*20200908~CAS*CO*45*20.01~REF*6R*2~AMT*B6*14~CLP*10000039*1*62.01*40.24**12*E51999887300*60~NM1*QC*1*HUANG*DAVE*M***MI*KPF999179115~NM1*IL*1*HUANG*DAVE****MI*KPF999179115~NM1*74*1***M~NM1*82*2*VAXPOINT LLC*****XX*1225485766~REF*CE*WPPO~REF*1B*100001441818~DTM*232*20200908~DTM*050*20201029~AMT*AU*40.24~SVC*HC:90756*28*26.24**1~DTM*472*20200908~CAS*CO*45*1.76~REF*6R*1~AMT*B6*26.24~SVC*HC:90471*34.01*14**1~DTM*472*20200908~CAS*CO*45*20.01~REF*6R*2~AMT*B6*14~CLP*10000053*1*62.01*40.24**12*E51999942500*60~NM1*QC*1*MCCLAVE*SKY*D***MI*KPF110122058~NM1*IL*1*MCCLAVE*SKY****MI*KPF110122058~NM1*74*1***D~NM1*82*2*VAXPOINT LLC*****XX*1225485766~REF*CE*WPPO~REF*1B*100001441818~DTM*232*20200910~DTM*050*20201029~AMT*AU*40.24~SVC*HC:90756*28*26.24**1~DTM*472*20200910~CAS*CO*45*1.76~REF*6R*1~AMT*B6*26.24~SVC*HC:90471*34.01*14**1~DTM*472*20200910~CAS*CO*45*20.01~REF*6R*2~AMT*B6*14~SE*372*1242~GE*1*1~IEA*1*529878846~