ISA*00*          *00*          *01*00932          *ZZ*VA66           *200906*0831*^*00501*534918451*0*P*:~GS*HP*00932*VA66*20200906*0831*1*X*005010X221A1~ST*835*1023~BPR*I*57.09*C*CHK************20200908~TRN*1*0105774389*1910282080~DTM*405*20200904~N1*PR*REGENCE BLUESHIELD~N3*1800 NINTH AVENUE~N4*SEATTLE*WA*98101~PER*CX**TE*8002530838~PER*BL**UR*WWW.REGENCE.COM/WEB/REGENCE_PROVIDER/ELECTRONIC-TRANSACTIONS~N1*PE*VAXPOINT LLC.*XX*1225485766~N3*170 W DAYTON ST STE 103A~N4*EDMONDS*WA*980204162~REF*PQ*100001441818~REF*TJ*474417216~LX*1~CLP*9895698*1*57.09*57.09**12*200795144600*60~NM1*QC*1*BERT*LUCY****MI*ZLF170181808~NM1*82*2*VAXPOINT LLC*****XX*1225485766~REF*CE*WPPO~REF*1B*100001441818~DTM*232*20181003~DTM*050*20200818~AMT*AU*57.09~SVC*HC:90756*21.59*21.59**1~DTM*472*20181003~REF*6R*1~AMT*B6*21.59~SVC*HC:G0008*35.5*35.5**1~DTM*472*20181003~REF*6R*2~AMT*B6*35.5~SE*32*1023~GE*1*1~IEA*1*534918451~