ISA*00*          *00*          *01*00932          *ZZ*VA66           *200919*1831*^*00501*632785444*0*P*:~GS*HP*00932*VA66*20200919*1831*1*X*005010X221A1~ST*835*1008~BPR*H*0*C*NON************20200919~TRN*1*11209938206*1910282080~DTM*405*20200918~N1*PR*REGENCE BLUESHIELD~N3*1800 NINTH AVENUE~N4*SEATTLE*WA*98101~PER*CX**TE*8888493682~PER*BL**UR*WWW.REGENCE.COM/WEB/REGENCE_PROVIDER/ELECTRONIC-TRANSACTIONS~N1*PE*VAXPOINT LLC.*XX*1225485766~N3*170 W DAYTON ST STE 103A~N4*EDMONDS*WA*980204162~REF*PQ*100001441818~REF*TJ*474417216~LX*1~CLP*9895698*22*-57.09*-57.09**12*E45650745300*60~NM1*QC*1*BERT*LUCY*G***MI*UDWW790358686~NM1*IL*1*BERT*LUCY****MI*UDWW790358686~NM1*74*1*BRANYAN*KAREN*E~NM1*82*2*VAXPOINT LLC*****XX*1225485766~REF*CE*WPPO~REF*1B*100001441818~DTM*232*20181003~DTM*050*20181023~SVC*HC:90756*-21.59*-21.59**1~DTM*472*20181003~REF*6R*2018102218003465198~AMT*B6*-21.59~SVC*HC:G0008*-35.5*-35.5**1~DTM*472*20181003~REF*6R*2018102218003465199~AMT*B6*-35.5~CLP*9895698*2*57.09*0**12*E45650745301*60~NM1*QC*1*BERT*LUCY*G***MI*UDWW790358686~NM1*IL*1*BERT*LUCY****MI*UDWW790358686~NM1*74*1*BRANYAN*KAREN*E~NM1*82*2*VAXPOINT LLC*****XX*1225485766~REF*CE*WPPO~REF*F8*E45650745300~REF*1B*100001441818~DTM*232*20181003~DTM*050*20181023~AMT*AU*57.09~SVC*HC:90756*21.59*0**1~DTM*472*20181003~CAS*OA*23*21.59~REF*6R*2018102218003465198~AMT*B6*21.59~SVC*HC:G0008*35.5*0**1~DTM*472*20181003~CAS*OA*23*35.5~REF*6R*2018102218003465199~AMT*B6*35.5~PLB*1225485766*20201231*WO:E45650745300-9895698*-57.09~SE*55*1008~GE*1*1~IEA*1*632785444~