ISA*00*          *00*          *01*00932          *ZZ*VA66           *200921*0831*^*00501*306439334*0*P*:~GS*HP*00932*VA66*20200921*0831*1*X*005010X221A1~ST*835*1173~BPR*I*50.59*C*CHK************20200921~TRN*1*0230536003*1910282080~DTM*405*20200919~N1*PR*REGENCE BS OF WASHINGTON FEP~N3*FEDERAL EMPLOYEE PROGRAM*P.O. BOX 1388~N4*LEWISTON*ID*83501~PER*CX**TE*8776684651~PER*BL**UR*WWW.REGENCE.COM/WEB/REGENCE_PROVIDER/ELECTRONIC-TRANSACTIONS~N1*PE*VAXPOINT LLC.*XX*1225485766~N3*170 W DAYTON ST STE 103A~N4*EDMONDS*WA*980204162~REF*PQ*100001441818~REF*TJ*474417216~LX*1~CLP*10284375*1*50.59*50.59**12*20259807729*60~NM1*QC*1*TRAN*VIET*Q***MI*R60776398~NM1*IL*1*TRAN*VIET****MI*R60776398~NM1*74*1*NGUYEN*TUYET TRINH*T~NM1*82*2*VAXPOINT LLC.*****XX*1225485766~REF*CE*P1~REF*1B*474417216~DTM*232*20191013~DTM*050*20200915~AMT*AU*50.59~SVC*HC:90756*21.59*21.59**1~DTM*472*20191013~REF*6R*2020091509561827897~AMT*B6*21.59~SVC*HC:G0008*29*29**1~DTM*472*20191013~REF*6R*2020091509561827898~AMT*B6*29~SE*34*1173~GE*1*1~IEA*1*306439334~