ISA*00*          *00*          *01*00932          *ZZ*VA66           *200930*1832*^*00501*052264099*0*P*:~GS*HP*00932*VA66*20200930*1832*1*X*005010X221A1~ST*835*1001~BPR*H*0*C*NON************20200930~TRN*1*11249019750*1910282080~DTM*405*20200929~N1*PR*REGENCE BLUESHIELD~N3*1800 NINTH AVENUE~N4*SEATTLE*WA*98101~PER*CX**TE*8002530838~PER*BL**UR*WWW.REGENCE.COM/WEB/REGENCE_PROVIDER/ELECTRONIC-TRANSACTIONS~N1*PE*VAXPOINT LLC.*XX*1225485766~N3*170 W DAYTON ST STE 103A~N4*EDMONDS*WA*980204162~REF*PQ*100001441818~REF*TJ*474417216~LX*1~CLP*10286359*1*50.59*0**12*E51563737700*60~NM1*QC*1*WONG-CHUN*CAMILLIA****MI*BHP841563806~NM1*82*2*VAXPOINT LLC*****XX*1225485766~REF*CE*WPPO~REF*1B*100001441818~DTM*232*20191014~DTM*050*20200915~SVC*HC:90756*21.59*0**1~DTM*472*20191014~CAS*CO*A1*21.59~REF*6R*2020091509561829283~LQ*HE*N380~SVC*HC:G0008*29*0**1~DTM*472*20191014~CAS*CO*A1*29~REF*6R*2020091509561829284~LQ*HE*N380~CLP*10280310*1*50.59*0**12*E51563739100*60~NM1*QC*1*COMMARE*TABATHA****MI*ZFL180181681~NM1*82*2*VAXPOINT LLC*****XX*1225485766~REF*CE*WPPO~REF*1B*100001441818~DTM*232*20191010~DTM*050*20200915~SVC*HC:90756*21.59*0**1~DTM*472*20191010~CAS*CO*A1*21.59~REF*6R*2020091509561825179~LQ*HE*N380~SVC*HC:G0008*29*0**1~DTM*472*20191010~CAS*CO*A1*29~REF*6R*2020091509561825180~LQ*HE*N380~SE*50*1001~GE*1*1~IEA*1*052264099~