ISA*00*          *00*          *01*00932          *ZZ*VA66           *200905*1831*^*00501*839967156*0*P*:~GS*HP*00932*VA66*20200905*1831*1*X*005010X221A1~ST*835*1018~BPR*H*0*C*NON************20200905~TRN*1*11159798181*1910282080~DTM*405*20200904~N1*PR*REGENCE BLUESHIELD~N3*1800 NINTH AVENUE~N4*SEATTLE*WA*98101~PER*CX**TE*8888493682~PER*BL**UR*WWW.REGENCE.COM/WEB/REGENCE_PROVIDER/ELECTRONIC-TRANSACTIONS~N1*PE*VAXPOINT LLC.*XX*1225485766~N3*170 W DAYTON ST STE 103A~N4*EDMONDS*WA*980204162~REF*PQ*100001441818~REF*TJ*474417216~LX*1~CLP*9959692*22*-57.09*-57.09**12*E46044281900*60~NM1*QC*1*MANVILLE*DUNCAN*E***MI*WACW720412291~NM1*IL*1*MANVILLE*DUNCAN****MI*WACW720412291~NM1*74*1*CLINTON*LAURA*K~NM1*82*2*VAXPOINT LLC*****XX*1225485766~REF*CE*WPAR~REF*1B*100001441818~DTM*232*20180928~DTM*050*20181206~SVC*HC:90756*-21.59*-21.59**1~DTM*472*20180928~REF*6R*2018120518103494438~AMT*B6*-21.59~SVC*HC:G0008*-35.5*-35.5**1~DTM*472*20180928~REF*6R*2018120518103494439~AMT*B6*-35.5~CLP*9959692*2*57.09*0**12*E46044281901*60~NM1*QC*1*MANVILLE*DUNCAN*E***MI*WACW720412291~NM1*IL*1*MANVILLE*DUNCAN****MI*WACW720412291~NM1*74*1*CLINTON*LAURA*K~NM1*82*2*VAXPOINT LLC*****XX*1225485766~REF*CE*WPAR~REF*F8*E46044281900~REF*1B*100001441818~DTM*232*20180928~DTM*050*20181206~AMT*AU*57.09~SVC*HC:90756*21.59*0**1~DTM*472*20180928~CAS*OA*23*21.59~REF*6R*2018120518103494438~AMT*B6*21.59~SVC*HC:G0008*35.5*0**1~DTM*472*20180928~CAS*OA*23*35.5~REF*6R*2018120518103494439~AMT*B6*35.5~CLP*10264383*22*-50.59*-50.59**12*E48926969700*60~NM1*QC*1*BERT*LUCY*G***MI*UDWW790358686~NM1*IL*1*BERT*LUCY****MI*UDWW790358686~NM1*74*1*BRANYAN*KAREN*E~NM1*82*2*VAXPOINT LLC*****XX*1225485766~REF*CE*WPPO~REF*1B*100001441818~DTM*232*20191008~DTM*050*20191104~SVC*HC:90756*-21.59*-21.59**1~DTM*472*20191008~REF*6R*2019110318003580180~AMT*B6*-21.59~SVC*HC:G0008*-29*-29**1~DTM*472*20191008~REF*6R*2019110318003580181~AMT*B6*-29~CLP*10264383*2*50.59*0**12*E48926969701*60~NM1*QC*1*BERT*LUCY*G***MI*UDWW790358686~NM1*IL*1*BERT*LUCY****MI*UDWW790358686~NM1*74*1*BRANYAN*KAREN*E~NM1*82*2*VAXPOINT LLC*****XX*1225485766~REF*CE*WPPO~REF*F8*E48926969700~REF*1B*100001441818~DTM*232*20191008~DTM*050*20191104~AMT*AU*50.59~SVC*HC:90756*21.59*0**1~DTM*472*20191008~CAS*OA*23*21.59~REF*6R*2019110318003580180~AMT*B6*21.59~SVC*HC:G0008*29*0**1~DTM*472*20191008~CAS*OA*23*29~REF*6R*2019110318003580181~AMT*B6*29~PLB*1225485766*20201231*WO:E46044281900-9959692*-57.09~PLB*1225485766*20201231*WO:E48926969700-10264383*-50.59~SE*94*1018~GE*1*1~IEA*1*839967156~