ISA*00*          *00*          *01*00932          *ZZ*VA66           *201004*1031*^*00501*712324044*0*P*:~GS*HP*00932*VA66*20201004*1031*1*X*005010X221A1~ST*835*1117~BPR*H*0*C*NON************20201003~TRN*1*11258460447*1910282080~DTM*405*20201002~N1*PR*REGENCE BLUESHIELD~N3*1800 NINTH AVENUE~N4*SEATTLE*WA*98101~PER*CX**TE*8002530838~PER*BL**UR*WWW.REGENCE.COM/WEB/REGENCE_PROVIDER/ELECTRONIC-TRANSACTIONS~N1*PE*VAXPOINT LLC.*XX*1225485766~N3*170 W DAYTON ST STE 103A~N4*EDMONDS*WA*980204162~REF*PQ*100001441818~REF*TJ*474417216~LX*1~CLP*10322612*1*50.59*0*50.59*12*E51640343700*60~NM1*QC*1*BAUER*MYLES****MI*BZYR832481845~NM1*82*2*VAXPOINT LLC*****XX*1225485766~REF*CE*WPPO~REF*1B*100001441818~DTM*232*20191105~DTM*050*20200922~SVC*HC:90756*29*0**1~DTM*472*20191105~CAS*PR*26*29~REF*6R*2020092209061853154~LQ*HE*N650~SVC*HC:G0008*21.59*0**1~DTM*472*20191105~CAS*PR*26*21.59~REF*6R*2020092209061853155~LQ*HE*N650~SE*33*1117~GE*1*1~IEA*1*712324044~