ISA*00*          *00*          *01*00932          *ZZ*VA66           *201026*0832*^*00501*288666754*0*P*:~GS*HP*00932*VA66*20201026*0832*1*X*005010X221A1~ST*835*1177~BPR*I*279*C*CHK************20201026~TRN*1*0105843800*1910282080~DTM*405*20201023~N1*PR*REGENCE BLUESHIELD~N3*1800 NINTH AVENUE~N4*SEATTLE*WA*98101~PER*CX**TE*8888493682~PER*BL**UR*WWW.REGENCE.COM/WEB/REGENCE_PROVIDER/ELECTRONIC-TRANSACTIONS~N1*PE*VAXPOINT LLC.*XX*1225485766~N3*170 W DAYTON ST STE 103A~N4*EDMONDS*WA*980204162~REF*PQ*100001441818~REF*TJ*474417216~LX*1~CLP*10495788*1*62.01*55.24**12*E51922010300*60~NM1*QC*1*ALEXANDER*EMILY*D***MI*UDWW780464318~NM1*IL*1*ALEXANDER*EMILY****MI*UDWW780464318~NM1*74*1***D~NM1*82*2*VAXPOINT LLC*****XX*1225485766~REF*CE*WPPO~REF*1B*100001441818~DTM*232*20201001~DTM*050*20201022~AMT*AU*55.24~SVC*HC:90756*28*26.24**1~DTM*472*20201001~CAS*CO*45*1.76~REF*6R*2020102121022056955~AMT*B6*26.24~SVC*HC:G0008*34.01*29**1~DTM*472*20201001~CAS*CO*45*5.01~REF*6R*2020102121022056956~AMT*B6*29~CLP*10495707*1*62.01*55.24**12*E51922183200*60~NM1*QC*1*GREENBERG*NOAH****MI*UDWW700496303~NM1*82*2*VAXPOINT LLC*****XX*1225485766~REF*CE*WPPO~REF*1B*100001441818~DTM*232*20200925~DTM*050*20201022~AMT*AU*55.24~SVC*HC:90756*28*26.24**1~DTM*472*20200925~CAS*CO*45*1.76~REF*6R*2020102117022056687~AMT*B6*26.24~SVC*HC:G0008*34.01*29**1~DTM*472*20200925~CAS*CO*45*5.01~REF*6R*2020102117022056688~AMT*B6*29~CLP*10495721*1*62.01*55.24**12*E51922184600*60~NM1*QC*1*KRISTJANSSON*DAHLIA****MI*UDWW720131663~NM1*IL*1*KRISTJANSSON*DAHLIA****MI*UDWW720131663~NM1*74*1**APRIL~NM1*82*2*VAXPOINT LLC*****XX*1225485766~REF*CE*WPPO~REF*1B*100001441818~DTM*232*20200929~DTM*050*20201022~AMT*AU*55.24~SVC*HC:90756*28*26.24**1~DTM*472*20200929~CAS*CO*45*1.76~REF*6R*2020102117022056715~AMT*B6*26.24~SVC*HC:G0008*34.01*29**1~DTM*472*20200929~CAS*CO*45*5.01~REF*6R*2020102117022056716~AMT*B6*29~CLP*10495722*1*62.01*55.24**12*E51922342800*60~NM1*QC*1*KRISTJANSSON*OWEN****MI*UDWW720131663~NM1*IL*1*KRISTJANSSON*OWEN****MI*UDWW720131663~NM1*74*1**APRIL~NM1*82*2*VAXPOINT LLC*****XX*1225485766~REF*CE*WPPO~REF*1B*100001441818~DTM*232*20200929~DTM*050*20201022~AMT*AU*55.24~SVC*HC:90756*28*26.24**1~DTM*472*20200929~CAS*CO*45*1.76~REF*6R*2020102117022056717~AMT*B6*26.24~SVC*HC:G0008*34.01*29**1~DTM*472*20200929~CAS*CO*45*5.01~REF*6R*2020102117022056718~AMT*B6*29~CLP*10495705*1*62.01*55.24**12*E51926047100*60~NM1*QC*1*JIA*ZHANZHAN****MI*UDWW710482913~NM1*IL*1*JIA*ZHANZHAN****MI*UDWW710482913~NM1*74*1*CHEN*XU~NM1*82*2*VAXPOINT LLC*****XX*1225485766~REF*CE*WPPO~REF*1B*100001441818~DTM*232*20200924~DTM*050*20201022~AMT*AU*55.24~SVC*HC:90756*28*26.24**1~DTM*472*20200924~CAS*CO*45*1.76~REF*6R*2020102117022056683~AMT*B6*26.24~SVC*HC:G0008*34.01*29**1~DTM*472*20200924~CAS*CO*45*5.01~REF*6R*2020102117022056684~AMT*B6*29~CLP*10495704*1*62.01*55.24**12*E51926048200*60~NM1*QC*1*VALLIER*JOHN*B***MI*UDWW790145954~NM1*IL*1*VALLIER*JOHN****MI*UDWW790145954~NM1*74*1***B~NM1*82*2*VAXPOINT LLC*****XX*1225485766~REF*CE*WPPO~REF*1B*100001441818~DTM*232*20200924~DTM*050*20201022~AMT*AU*55.24~SVC*HC:90756*28*26.24**1~DTM*472*20200924~CAS*CO*45*1.76~REF*6R*2020102117022056681~AMT*B6*26.24~SVC*HC:G0008*34.01*29**1~DTM*472*20200924~CAS*CO*45*5.01~REF*6R*2020102117022056682~AMT*B6*29~CLP*10495706*1*62.01*55.24**12*E51929156300*60~NM1*QC*1*CHEN*XU****MI*UDWW710482913~NM1*82*2*VAXPOINT LLC*****XX*1225485766~REF*CE*WPPO~REF*1B*100001441818~DTM*232*20200924~DTM*050*20201022~AMT*AU*55.24~SVC*HC:90756*28*26.24**1~DTM*472*20200924~CAS*CO*45*1.76~REF*6R*2020102117022056685~AMT*B6*26.24~SVC*HC:G0008*34.01*29**1~DTM*472*20200924~CAS*CO*45*5.01~REF*6R*2020102117022056686~AMT*B6*29~PLB*1225485766*20201231*WO:E46044281900-9959692*57.09~PLB*1225485766*20201231*WO:E48926969700-10264383*50.59~SE*154*1177~GE*1*1~IEA*1*288666754~