ISA*00*          *00*          *01*00932          *ZZ*VA66           *201017*1831*^*00501*966507294*0*P*:~GS*HP*00932*VA66*20201017*1831*1*X*005010X221A1~ST*835*1010~BPR*H*0*C*NON************20201017~TRN*1*11311894904*1910282080~DTM*405*20201016~N1*PR*REGENCE BLUESHIELD~N3*1800 NINTH AVENUE~N4*SEATTLE*WA*98101~PER*CX**TE*8002530838~PER*BL**UR*WWW.REGENCE.COM/WEB/REGENCE_PROVIDER/ELECTRONIC-TRANSACTIONS~N1*PE*VAXPOINT LLC.*XX*1225485766~N3*170 W DAYTON ST STE 103A~N4*EDMONDS*WA*980204162~REF*PQ*100001441818~REF*TJ*474417216~LX*1~CLP*10282904*2*47*0**12*E51817415700*60~NM1*QC*1*KRAUSSER*JACKSON*T***MI*HKS140250341~NM1*IL*1*KRAUSSER*JACKSON****MI*HKS140250341~NM1*74*1*STAMPER*SERENA*M~NM1*82*2*VAXPOINT LLC*****XX*1225485766~REF*CE*WPPO~REF*1B*100001441818~DTM*232*20191010~DTM*050*20201012~SVC*HC:90756*28*0**1~DTM*472*20191010~CAS*CO*22*28~REF*6R*2020100807461826497~LQ*HE*N479~SVC*HC:90471*19*0**1~DTM*472*20191010~CAS*CO*22*19~REF*6R*2020100807461826498~LQ*HE*N479~SE*35*1010~GE*1*1~IEA*1*966507294~