ISA*00*          *00*          *01*00932          *ZZ*VA66           *201011*0831*^*00501*121151654*0*P*:~GS*HP*00932*VA66*20201011*0831*1*X*005010X221A1~ST*835*1202~BPR*I*336.09*C*CHK************20201012~TRN*1*0105827069*1910282080~DTM*405*20201009~N1*PR*REGENCE BLUESHIELD~N3*1800 NINTH AVENUE~N4*SEATTLE*WA*98101~PER*CX**TE*8888493682~PER*BL**UR*WWW.REGENCE.COM/WEB/REGENCE_PROVIDER/ELECTRONIC-TRANSACTIONS~N1*PE*VAXPOINT LLC.*XX*1225485766~N3*170 W DAYTON ST STE 103A~N4*EDMONDS*WA*980204162~REF*PQ*100001441818~REF*TJ*474417216~LX*1~CLP*10491990*1*62.01*55.24**12*E51738707100*60~NM1*QC*1*MCKERNAN*BEATRICE*H***MI*UDWW780442514~NM1*IL*1*MCKERNAN*BEATRICE****MI*UDWW780442514~NM1*74*1**JONATHAN~NM1*82*2*VAXPOINT LLC*****XX*1225485766~REF*CE*WPPO~REF*1B*100001441818~DTM*232*20200925~DTM*050*20201002~AMT*AU*55.24~SVC*HC:90756*28*26.24**1~DTM*472*20200925~CAS*CO*45*1.76~REF*6R*2020093021022037364~AMT*B6*26.24~SVC*HC:G0008*34.01*29**1~DTM*472*20200925~CAS*CO*45*5.01~REF*6R*2020093021022037365~AMT*B6*29~CLP*10491984*1*62.01*55.24**12*E51738945800*60~NM1*QC*1*BILL*KENNEDY*P***MI*UDWW760425526~NM1*IL*1*BILL*KENNEDY****MI*UDWW760425526~NM1*74*1*FITTING*JESSICA*E~NM1*82*2*VAXPOINT LLC*****XX*1225485766~REF*CE*WPPO~REF*1B*100001441818~DTM*232*20200925~DTM*050*20201002~AMT*AU*55.24~SVC*HC:90756*28*26.24**1~DTM*472*20200925~CAS*CO*45*1.76~REF*6R*2020093021022037353~AMT*B6*26.24~SVC*HC:G0008*34.01*29**1~DTM*472*20200925~CAS*CO*45*5.01~REF*6R*2020093021022037354~AMT*B6*29~CLP*10491996*1*62.01*55.24**12*E51741717400*60~NM1*QC*1*MCKERNAN*VIOLET*V***MI*UDWW780442514~NM1*IL*1*MCKEERNAN*VIOLET****MI*UDWW780442514~NM1*74*1*MCKERNAN*JONATHAN~NM1*82*2*VAXPOINT LLC*****XX*1225485766~REF*CE*WPPO~REF*1B*100001441818~DTM*232*20200925~DTM*050*20201002~AMT*AU*55.24~SVC*HC:90756*28*26.24**1~DTM*472*20200925~CAS*CO*45*1.76~REF*6R*2020093021022037381~AMT*B6*26.24~SVC*HC:G0008*34.01*29**1~DTM*472*20200925~CAS*CO*45*5.01~REF*6R*2020093021022037382~AMT*B6*29~CLP*10491965*1*62.01*55.24**12*E51742315100*60~NM1*QC*1*MYERS*ISAAC****MI*UDWW760138511~NM1*IL*1*MYERS*ISAAC****MI*UDWW760138511~NM1*74*1*EDELSON*JANE~NM1*82*2*VAXPOINT LLC*****XX*1225485766~REF*CE*WPPO~REF*1B*100001441818~DTM*232*20200925~DTM*050*20201002~AMT*AU*55.24~SVC*HC:90756*28*26.24**1~DTM*472*20200925~CAS*CO*45*1.76~REF*6R*2020093021022037315~AMT*B6*26.24~SVC*HC:G0008*34.01*29**1~DTM*472*20200925~CAS*CO*45*5.01~REF*6R*2020093021022037316~AMT*B6*29~CLP*10491968*1*62.01*55.24**12*E51746013900*60~NM1*QC*1*ULASOV*MAKSIM*I***MI*UDWW780374922~NM1*IL*1*ULASOV*MAKSIM****MI*UDWW780374922~NM1*74*1*KAVERINA*NATALYA*V~NM1*82*2*VAXPOINT LLC*****XX*1225485766~REF*CE*WPPO~REF*1B*100001441818~DTM*232*20200925~DTM*050*20201002~AMT*AU*55.24~SVC*HC:90756*28*26.24**1~DTM*472*20200925~CAS*CO*45*1.76~REF*6R*2020093021022037321~AMT*B6*26.24~SVC*HC:G0008*34.01*29**1~DTM*472*20200925~CAS*CO*45*5.01~REF*6R*2020093021022037322~AMT*B6*29~CLP*10491988*1*62.01*55.24**12*E51746014800*60~NM1*QC*1*ALLAN*CHRISTOPHER*H***MI*UDWW790013185~NM1*IL*1*ALLAN*CHRIS****MI*UDWW790013185~NM1*74*1**CHRISTOPHER*H~NM1*82*2*VAXPOINT LLC*****XX*1225485766~REF*CE*WPPO~REF*1B*100001441818~DTM*232*20200925~DTM*050*20201002~AMT*AU*55.24~SVC*HC:90756*28*26.24**1~DTM*472*20200925~CAS*CO*45*1.76~REF*6R*2020093021022037361~AMT*B6*26.24~SVC*HC:G0008*34.01*29**1~DTM*472*20200925~CAS*CO*45*5.01~REF*6R*2020093021022037362~AMT*B6*29~CLP*10491998*1*62.01*55.24**12*E51776769900*60~NM1*QC*1*VLASATY*CHRISTINE*M***MI*UDWW780442514~NM1*IL*1*VLASATY*CHRISTINE****MI*UDWW780442514~NM1*74*1*MCKERNAN*JONATHAN~NM1*82*2*VAXPOINT LLC*****XX*1225485766~REF*CE*WPPO~REF*1B*100001441818~DTM*232*20200925~DTM*050*20201006~AMT*AU*55.24~SVC*HC:90756*28*26.24**1~DTM*472*20200925~CAS*CO*45*1.76~REF*6R*2020100117022037384~AMT*B6*26.24~SVC*HC:G0008*34.01*29**1~DTM*472*20200925~CAS*CO*45*5.01~REF*6R*2020100117022037385~AMT*B6*29~PLB*1225485766*20201231*WO:E48939396900-10277662*50.59~SE*157*1202~GE*1*1~IEA*1*121151654~