ISA*00*          *00*          *01*00932          *ZZ*VA66           *201011*0831*^*00501*604631888*0*P*:~GS*HP*00932*VA66*20201011*0831*1*X*005010X221A1~ST*835*1066~BPR*I*67.34*C*CHK************20201012~TRN*1*0105823522*1910282080~DTM*405*20201009~N1*PR*REGENCE BLUESHIELD~N3*1800 NINTH AVENUE~N4*SEATTLE*WA*98101~PER*CX**TE*8002530838~PER*BL**UR*WWW.REGENCE.COM/WEB/REGENCE_PROVIDER/ELECTRONIC-TRANSACTIONS~N1*PE*VAXPOINT LLC.*XX*1225485766~N3*170 W DAYTON ST STE 103A~N4*EDMONDS*WA*980204162~REF*PQ*100001441818~REF*TJ*474417216~LX*1~CLP*10491907*1*62.01*55.24**12*E51738706000*60~NM1*QC*1*MCGILLIE*THERESA****MI*KBG201118234~NM1*82*2*VAXPOINT LLC*****XX*1225485766~REF*CE*WPPO~REF*1B*100001441818~DTM*232*20200924~DTM*050*20201002~AMT*AU*55.24~SVC*HC:90756*28*26.24**1~DTM*472*20200924~CAS*CO*45*1.76~REF*6R*2020092921022037218~AMT*B6*26.24~SVC*HC:G0008*34.01*29**1~DTM*472*20200924~CAS*CO*45*5.01~REF*6R*2020092921022037219~AMT*B6*29~CLP*10491912*1*62.01*55.24**12*E51745822000*60~NM1*QC*1*MCGILLIE*FENIX****MI*KBG201118234~NM1*IL*1*MCGILLIE*FENIX****MI*KBG201118234~NM1*74*1**THERESA~NM1*82*2*VAXPOINT LLC*****XX*1225485766~REF*CE*WPPO~REF*1B*100001441818~DTM*232*20200924~DTM*050*20201002~AMT*AU*55.24~SVC*HC:90756*28*26.24**1~DTM*472*20200924~CAS*CO*45*1.76~REF*6R*2020093017022037231~AMT*B6*26.24~SVC*HC:G0008*34.01*29**1~DTM*472*20200924~CAS*CO*45*5.01~REF*6R*2020093017022037232~AMT*B6*29~CLP*10491911*1*62.01*55.24**12*E51745822900*60~NM1*QC*1*MCGILLIE*SOREN****MI*KBG201118234~NM1*IL*1*MCGILLIE*SOREN****MI*KBG201118234~NM1*74*1**THERESA~NM1*82*2*VAXPOINT LLC*****XX*1225485766~REF*CE*WPPO~REF*1B*100001441818~DTM*232*20200924~DTM*050*20201002~AMT*AU*55.24~SVC*HC:90756*28*26.24**1~DTM*472*20200924~CAS*CO*45*1.76~REF*6R*2020093017022037229~AMT*B6*26.24~SVC*HC:G0008*34.01*29**1~DTM*472*20200924~CAS*CO*45*5.01~REF*6R*2020093017022037230~AMT*B6*29~CLP*10491906*1*62.01*55.24**12*E51746065800*60~NM1*QC*1*MCGILLIE*JASON****MI*KBG201118234~NM1*IL*1*MCGILLIE*JASON****MI*KBG201118234~NM1*74*1**THERESA~NM1*82*2*VAXPOINT LLC*****XX*1225485766~REF*CE*WPPO~REF*1B*100001441818~DTM*232*20200924~DTM*050*20201002~AMT*AU*55.24~SVC*HC:90756*28*26.24**1~DTM*472*20200924~CAS*CO*45*1.76~REF*6R*2020092921022037216~AMT*B6*26.24~SVC*HC:G0008*34.01*29**1~DTM*472*20200924~CAS*CO*45*5.01~REF*6R*2020092921022037217~AMT*B6*29~CLP*10491999*1*62.01*55.24**12*E51772781600*60~NM1*QC*1*CHIDSEY*LEO*R***MI*KIN140254541~NM1*IL*1*CHIDSEY*LEO****MI*KIN140254541~NM1*74*1*COOK*JULIE*D~NM1*82*2*VAXPOINT LLC*****XX*1225485766~REF*CE*WPPO~REF*1B*100001441818~DTM*232*20200925~DTM*050*20201006~AMT*AU*55.24~SVC*HC:90756*28*26.24**1~DTM*472*20200925~CAS*CO*45*1.76~REF*6R*2020100117022037386~AMT*B6*26.24~SVC*HC:G0008*34.01*29**1~DTM*472*20200925~CAS*CO*45*5.01~REF*6R*2020100117022037387~AMT*B6*29~PLB*1225485766*20201231*WO:E46529497200-9863649*57.09~PLB*1225485766*20201231*WO:E48792226500-10247735*50.59~PLB*1225485766*20201231*WO:E48955340400-10282904*50.59~PLB*1225485766*20201231*WO:E48955369800-10280954*50.59~SE*118*1066~GE*1*1~IEA*1*604631888~