ISA*00*          *00*          *01*00932          *ZZ*VA66           *200921*0831*^*00501*899913934*0*P*:~GS*HP*00932*VA66*20200921*0831*1*X*005010X221A1~ST*835*1023~BPR*I*101.18*C*CHK************20200921~TRN*1*0105794627*1910282080~DTM*405*20200918~N1*PR*REGENCE BLUESHIELD~N3*1800 NINTH AVENUE~N4*SEATTLE*WA*98101~PER*CX**TE*8002530838~PER*BL**UR*WWW.REGENCE.COM/WEB/REGENCE_PROVIDER/ELECTRONIC-TRANSACTIONS~N1*PE*VAXPOINT LLC.*XX*1225485766~N3*170 W DAYTON ST STE 103A~N4*EDMONDS*WA*980204162~REF*PQ*100001441818~REF*TJ*474417216~LX*1~CLP*10301945*1*50.59*50.59**12*E51561103900*60~NM1*QC*1*FLEENER*HILLARY****MI*BHP83799277~NM1*IL*1*FLEENER*HILLARY****MI*BHP83799277~NM1*74*1**NATHAN*C~NM1*82*2*VAXPOINT LLC*****XX*1225485766~REF*CE*WPPO~REF*1B*100001441818~DTM*232*20191022~DTM*050*20200915~AMT*AU*50.59~SVC*HC:90756*21.59*21.59**1~DTM*472*20191022~REF*6R*2020091509561839033~AMT*B6*21.59~SVC*HC:G0008*29*29**1~DTM*472*20191022~REF*6R*2020091509561839034~AMT*B6*29~CLP*10290853*1*50.59*50.59**12*E51564295300*60~NM1*QC*1*BRAIDMAN*ANSEL****MI*XEA902825122~NM1*82*2*VAXPOINT LLC*****XX*1225485766~REF*CE*WPPO~REF*1B*100001441818~DTM*232*20191016~DTM*050*20200915~AMT*AU*50.59~SVC*HC:90756*21.59*21.59**1~DTM*472*20191016~REF*6R*2020091509561831543~AMT*B6*21.59~SVC*HC:G0008*29*29**1~DTM*472*20191016~REF*6R*2020091509561831544~AMT*B6*29~CLP*10331145*1*47.03*0*47.03*12*E51565817500*60~NM1*QC*1*MIRREH*HODAN****MI*BHP83815530~NM1*IL*1*MIRREH*HODAN****MI*BHP83815530~NM1*74*1*KOWDAN*NASSIR~NM1*82*2*VAXPOINT LLC*****XX*1225485766~REF*CE*WPPO~REF*1B*100001441818~DTM*232*20190930~DTM*050*20200915~SVC*HC:90686*18.03*0**1~DTM*472*20190930~CAS*PR*242*18.03~REF*6R*2020091509561856276~SVC*HC:G0008*29*0**1~DTM*472*20190930~CAS*PR*242*29~REF*6R*2020091509561856277~CLP*10291148*1*50.59*0*50.59*12*E51566624600*60~NM1*QC*1*MCMURRAY*HEIDI****MI*PCN02080000~NM1*82*2*VAXPOINT LLC*****XX*1225485766~REF*CE*WPAR~REF*1B*100001441818~DTM*232*20191016~DTM*050*20200915~SVC*HC:90756*21.59*0**1~DTM*472*20191016~CAS*PR*26*21.59~REF*6R*2020091509561831731~LQ*HE*N650~SVC*HC:G0008*29*0**1~DTM*472*20191016~CAS*PR*26*29~REF*6R*2020091509561831732~LQ*HE*N650~CLP*10279968*1*50.59*0*50.59*12*E51566625800*60~NM1*QC*1*WANG*LEE WAY****MI*ECZ821432789~NM1*82*2*VAXPOINT LLC*****XX*1225485766~REF*CE*WPPO~REF*1B*100001441818~DTM*232*20191009~DTM*050*20200915~SVC*HC:90756*21.59*0**1~DTM*472*20191009~CAS*PR*26*21.59~REF*6R*2020091509561824891~LQ*HE*N650~SVC*HC:G0008*29*0**1~DTM*472*20191009~CAS*PR*26*29~REF*6R*2020091509561824892~LQ*HE*N650~CLP*10274890*1*50.59*0*50.59*12*E51566746900*60~NM1*QC*1*NICHOLS*VICTORIA****MI*GZF130120705~NM1*82*2*VAXPOINT LLC*****XX*1225485766~REF*CE*WPPO~REF*1B*100001441818~DTM*232*20191003~DTM*050*20200915~SVC*HC:90756*21.59*0**1~DTM*472*20191003~CAS*PR*26*21.59~REF*6R*2020091509561821979~LQ*HE*N650~SVC*HC:G0008*29*0**1~DTM*472*20191003~CAS*PR*26*29~REF*6R*2020091509561821980~LQ*HE*N650~SE*118*1023~GE*1*1~IEA*1*899913934~