ISA*00*          *00*          *01*26375          *ZZ*VA66           *201007*1932*^*00501*380641314*0*P*:~GS*HP*26375*VA66*20201007*1932*1*X*005010X221A1~ST*835*1008~BPR*H*0*C*NON************20201006~TRN*1*9999999999-2020100600174659*1273510384~REF*EV*AGP~DTM*405*20201007~N1*PR*AMERIGROUP WASHINGTON, INC.~N3*PO BOX 7368 / GA081E-0014~N4*COLUMBUS*GA*31908~REF*2U*26375~PER*CX*AMERIGROUP CORPORATION*FX*7573219164~PER*BL*EDI SOLUTIONS*TE*8004709630*EM*E-SOLUTIONS.SUPPORT@ANTHEM.COM~N1*PE*SEATTLE VISITING NURSE ASSOCIA*XX*1225485766~N3*170 WEST DAYTON STREET~N4*EDMONDS*WA*98020~REF*TJ*474417216~LX*1~CLP*10491978*1*62.01*0**MC*190163953400121**1~NM1*QC*1*LUCAS*ISABELLA GEORGIA****MI*722273091~NM1*74*1**ISABELLA GEO*M~DTM*050*20201001~SVC*HC:90756*28*0**1~DTM*472*20200925~CAS*CO*197*28~REF*6R*2020093021022037341~SVC*HC:G0008*34.01*0**1~DTM*472*20200925~CAS*CO*197*34.01~REF*6R*2020093021022037342~CLP*10491975*1*62.01*0**MC*190167205700120**1~NM1*QC*1*HUYNH*KENNY****MI*727191732~DTM*050*20201001~SVC*HC:90756*28*0**1~DTM*472*20200925~CAS*CO*197*28~REF*6R*2020093021022037335~SVC*HC:G0008*34.01*0**1~DTM*472*20200925~CAS*CO*197*34.01~REF*6R*2020093021022037336~CLP*10491974*1*62.01*0**MC*190167208200123**1~NM1*QC*1*HUYNH*XUONG****MI*727191742~DTM*050*20201001~SVC*HC:90756*28*0**1~DTM*472*20200925~CAS*CO*197*28~REF*6R*2020093021022037333~SVC*HC:G0008*34.01*0**1~DTM*472*20200925~CAS*CO*197*34.01~REF*6R*2020093021022037334~CLP*10491976*1*62.01*0**MC*190168536100124**1~NM1*QC*1*LAM*PHUONG****MI*727191730~NM1*74*1***L~DTM*050*20201001~SVC*HC:90756*28*0**1~DTM*472*20200925~CAS*CO*197*28~REF*6R*2020093021022037337~SVC*HC:G0008*34.01*0**1~DTM*472*20200925~CAS*CO*197*34.01~REF*6R*2020093021022037338~CLP*10491977*1*62.01*0**MC*190182843300122**1~NM1*QC*1*HUYNH*LILY****MI*727191741~DTM*050*20201001~SVC*HC:90756*28*0**1~DTM*472*20200925~CAS*CO*197*28~REF*6R*2020093021022037339~SVC*HC:G0008*34.01*0**1~DTM*472*20200925~CAS*CO*197*34.01~REF*6R*2020093021022037340~SE*74*1008~GE*1*1~IEA*1*380641314~